<?xml version="1.0" encoding="UTF-8"?>
<collection xmlns:xsi="http://www.w3.org/2001/XMLSchema-instance" xsi:schemaLocation="http://www.loc.gov/MARC21/slim http://www.loc.gov/standards/marcxml/schema/MARC21slim.xsd" xmlns="http://www.loc.gov/MARC21/slim">
<record>
  <leader>00724cam a22002051  4500</leader>
  <controlfield tag="001">2674294</controlfield>
  <controlfield tag="003">NNC</controlfield>
  <controlfield tag="005">20130425143647.0</controlfield>
  <controlfield tag="008">000920s1913    ua            000 0 ara d</controlfield>
  <datafield tag="035" ind1=" " ind2=" ">
    <subfield code="a">(OCoLC)ocm45047436</subfield>
  </datafield>
  <datafield tag="035" ind1=" " ind2=" ">
    <subfield code="9">ARC2940CU</subfield>
  </datafield>
  <datafield tag="035" ind1=" " ind2=" ">
    <subfield code="a">(NNC)2674294</subfield>
  </datafield>
  <datafield tag="040" ind1=" " ind2=" ">
    <subfield code="a">ZCU</subfield>
    <subfield code="c">ZCU</subfield>
  </datafield>
  <datafield tag="090" ind1=" " ind2=" ">
    <subfield code="a">K0</subfield>
    <subfield code="b">.T54</subfield>
  </datafield>
  <datafield tag="100" ind1="1" ind2=" ">
    <subfield code="a">Timirtāshī, Muḥammad ibn ʻAbd Allāh,</subfield>
    <subfield code="d">-1595.</subfield>
  </datafield>
  <datafield tag="240" ind1="1" ind2="0">
    <subfield code="a">Tanwīr al-abṣār wa-jāmiʻ al-biḥār</subfield>
  </datafield>
  <datafield tag="245" ind1="1" ind2="0">
    <subfield code="a">Matn Tanwīr al-abṣār wa-jāmiʻ al-biḥār, taʾlīf Shams al-Dīn Muḥammad ibn ʻAbd Allāh ibn Shihāb al-Dīn Aḥmad ibn Timirtāsh al-Ḥanafī.</subfield>
  </datafield>
  <datafield tag="260" ind1=" " ind2=" ">
    <subfield code="a">Miṣr,</subfield>
    <subfield code="b">al-Maktabah al-Nabawīyah</subfield>
    <subfield code="c">[1913]</subfield>
  </datafield>
  <datafield tag="300" ind1=" " ind2=" ">
    <subfield code="a">5, 252 p.</subfield>
    <subfield code="c">20 cm.</subfield>
  </datafield>
  <datafield tag="955" ind1=" " ind2=" ">
    <subfield code="b">CU18922031</subfield>
    <subfield code="d">off,glx</subfield>
    <subfield code="e">K .T54</subfield>
  </datafield>
</record>
</collection>